<?xml version="1.0" encoding="UTF-8"?><collection xmlns="http://www.loc.gov/MARC21/slim"><record><leader>00586nam--2200193-i-4500</leader><controlfield tag="001">000033521</controlfield><controlfield tag="002">20161230</controlfield><controlfield tag="005">20161230201039</controlfield><controlfield tag="008">060222s1000------------r-----000-0-fre-d</controlfield><datafield ind1=" " ind2=" " tag="040"><subfield code="a">IFIN-HH</subfield></datafield><datafield ind1=" " ind2=" " tag="041"><subfield code="a">fre</subfield></datafield><datafield ind1=" " ind2=" " tag="080"><subfield code="a">543.061</subfield></datafield><datafield ind1="1" ind2=" " tag="100"><subfield code="a">Treadwell, F.P.&amp; W.D</subfield></datafield><datafield ind1="1" ind2="0" tag="245"><subfield code="a">Guide pratique pour l`analyse qualitative.traduit sur le troisieme edition allemande, par m.georges jaubert</subfield><subfield code="c">F.p. treawell, victor meyer</subfield></datafield><datafield ind1=" " ind2=" " tag="260"><subfield code="a">Berlin</subfield><subfield code="b">Ferd. Dummlers Verlagsbuchhsnlung</subfield><subfield code="c">1892</subfield></datafield><datafield ind1=" " ind2=" " tag="300"><subfield code="a">25P</subfield></datafield><datafield ind1="1" ind2=" " tag="700"><subfield code="a">Meyer, Victor</subfield></datafield><datafield ind1=" " ind2=" " tag="852"><subfield code="a">44505</subfield><subfield code="c">H.H</subfield></datafield><datafield ind1=" " ind2=" " tag="CAT"><subfield code="a">Sys</subfield><subfield code="c">20130409</subfield><subfield code="h">175532</subfield></datafield></record></collection>